<collection xmlns="http://www.loc.gov/MARC21/slim">
<record>
  <leader>01221nam0a2200241 i 450 </leader>
  <controlfield tag="001">IT\ICCU\CNCE\014630</controlfield>
  <controlfield tag="005">20071002000000.0</controlfield>
  <datafield tag="012" ind1=" " ind2=" ">
    <subfield code="a">emt, umum i-ua hoij (3) 1584 (R)</subfield>
    <subfield code="2">fei</subfield>
  </datafield>
  <datafield tag="100" ind1=" " ind2=" ">
    <subfield code="a">19970101d1584        0itac0103    ba</subfield>
  </datafield>
  <datafield tag="101" ind1=" " ind2=" ">
    <subfield code="a">LAT</subfield>
  </datafield>
  <datafield tag="102" ind1=" " ind2=" ">
    <subfield code="a">IT</subfield>
  </datafield>
  <datafield tag="200" ind1="1" ind2=" ">
    <subfield code="a">℗M. Tullii Ciceronis ℗Epistolae familiares dictae. Additamenta, et scholia in margine adscripta</subfield>
  </datafield>
  <datafield tag="210" ind1=" " ind2=" ">
    <subfield code="a">Carmagnoliae</subfield>
    <subfield code="c">apud Marcum Antonium Bellonum</subfield>
    <subfield code="d">1584</subfield>
    <subfield code="e">Carmagnoliae</subfield>
    <subfield code="g">apud Marcum Antonium Bellonum</subfield>
    <subfield code="h">1584</subfield>
  </datafield>
  <datafield tag="215" ind1=" " ind2=" ">
    <subfield code="a">645, \3! p.</subfield>
    <subfield code="d">8ʻ</subfield>
  </datafield>
  <datafield tag="620" ind1=" " ind2=" ">
    <subfield code="a">IT</subfield>
    <subfield code="d">Carmagnola</subfield>
  </datafield>
  <datafield tag="700" ind1=" " ind2="1">
    <subfield code="a">Cicero,</subfield>
    <subfield code="b">Marcus Tullius</subfield>
    <subfield code="3">IT\ICCU\CNCA\002170</subfield>
  </datafield>
  <datafield tag="712" ind1="0" ind2="0">
    <subfield code="a">Bellone, Marcantonio</subfield>
    <subfield code="3">IT\ICCU\CNCT\000449</subfield>
    <subfield code="4">650</subfield>
  </datafield>
  <datafield tag="790" ind1=" " ind2="1">
    <subfield code="a">Tullius Cicero,</subfield>
    <subfield code="b">Marcus</subfield>
    <subfield code="3">IT\ICCU\CNCA\020042</subfield>
    <subfield code="z">Cicero, Marcus Tullius</subfield>
  </datafield>
  <datafield tag="791" ind1="0" ind2="0">
    <subfield code="a">Bellonus, Marcus Antonius</subfield>
    <subfield code="3">IT\ICCU\CNCT\004321</subfield>
    <subfield code="z">Bellone, Marcantonio</subfield>
  </datafield>
  <datafield tag="801" ind1=" " ind2="3">
    <subfield code="a">IT</subfield>
    <subfield code="b">ICCU</subfield>
    <subfield code="c">20201114</subfield>
  </datafield>
  <datafield tag="899" ind1=" " ind2=" ">
    <subfield code="a">Biblioteca civica. Verona</subfield>
    <subfield code="1">VR0059</subfield>
    <subfield code="2">ZVR 02</subfield>
  </datafield>
  <datafield tag="911" ind1=" " ind2=" ">
    <subfield code="a">Sul front.</subfield>
    <subfield code="9">IT\ICCU\CNCM\000719</subfield>
  </datafield>
  <datafield tag="921" ind1=" " ind2=" ">
    <subfield code="a">IT\ICCU\CNCM\000719</subfield>
    <subfield code="b">Bellona (donna che tiene con la mano destra una lancia con un serpente, con la sinistra uno scudo). In cornice figurata</subfield>
    <subfield code="e">Vt vtrumque tempus.</subfield>
    <subfield code="c">Z169</subfield>
    <subfield code="d">Dimensioni: 7 x 5,2</subfield>
    <subfield code="f">BELLONA</subfield>
    <subfield code="f">DONNA</subfield>
    <subfield code="f">LANCIA</subfield>
    <subfield code="f">SCUDO</subfield>
    <subfield code="f">VTVTRUMQUE</subfield>
    <subfield code="g">1584-1593</subfield>
  </datafield>
</record>
</collection>
